001  0000056
005  20180822173153.713
008  170406s||||     bl|||||||||||||||||por|u
020    $a9788586218422
080    $282-93-Verde$a1997
090    $a82-93-Verde$bH589b
100 1  $aHetzal, Beatriz Bozano
245 10 $aBerimbau mandou te chamar$cBeatriz Bozano Hetzel
260    $aRio de Janeiro$bManati$c2008
300    $a28 p.$bil. color.
650    $aLiteratura Infantil
650    $aCapoeira
650    $aBerimbau
700 1_ $aMassarani, Mariana$eIlustradora
